@online{apache_apache_nodate,
	title = {Apache License, Version 2.0},
	url = {https://www.apache.org/licenses/LICENSE-2.0},
	author = {{Apache}},
	urldate = {2024-12-05},
	file = {Apache License, Version 2.0:C\:\\Users\\Lewis\\Zotero\\storage\\3BB655FD\\LICENSE-2.html:text/html},
}
